<record><leader>00000cas a2200000 a 4500</leader><controlfield tag="001">34774465</controlfield><controlfield tag="008">960522d19751996cauwr ne      0    0eng c</controlfield><datafield ind1=" " ind2=" " tag="010"><subfield code="a">sn 96062741 </subfield></datafield><datafield ind1=" " ind2=" " tag="040"><subfield code="a">CNK</subfield><subfield code="b">eng</subfield><subfield code="c">CNK</subfield><subfield code="d">CRU</subfield><subfield code="d">CNK</subfield><subfield code="d">OCLCQ</subfield><subfield code="d">OCLCF</subfield><subfield code="d">OCLCO</subfield></datafield><datafield ind1="1" ind2=" " tag="029"><subfield code="a">AU@</subfield><subfield code="b">000012500798</subfield></datafield><datafield ind1="0" ind2=" " tag="041"><subfield code="a">engspa</subfield></datafield><datafield ind1=" " ind2=" " tag="042"><subfield code="a">pcc</subfield></datafield><datafield ind1=" " ind2=" " tag="043"><subfield code="a">n-us-ca</subfield></datafield><datafield ind1="1" ind2="4" tag="050"><subfield code="a">AN1.C36</subfield><subfield code="b">B84</subfield></datafield><datafield ind1="0" ind2="0" tag="245"><subfield code="a">Norwalk herald American.</subfield></datafield><datafield ind1="1" ind2=" " tag="246"><subfield code="i">Published as:</subfield><subfield code="a">Norwalk call</subfield><subfield code="f">&lt;Apr. 1, 1993&gt;</subfield></datafield><datafield ind1="1" ind2=" " tag="246"><subfield code="i">Published as:</subfield><subfield code="a">Norwalk call &amp; the Norwalk herald American</subfield><subfield code="f">Apr. 8-29, 1993</subfield></datafield><datafield ind1="3" ind2=" " tag="246"><subfield code="a">Southeast news signal</subfield></datafield><datafield ind1=" " ind2=" " tag="260"><subfield code="a">Norwalk, Calif. :</subfield><subfield code="b">Charles Aydelotte</subfield></datafield><datafield ind1=" " ind2=" " tag="300"><subfield code="a">v.</subfield></datafield><datafield ind1=" " ind2=" " tag="310"><subfield code="a">Weekly,</subfield><subfield code="b">May 3, 1984-Mar. 28, 1996</subfield></datafield><datafield ind1=" " ind2=" " tag="321"><subfield code="a">Semiweekly,</subfield><subfield code="b">May 15, 1975-Apr. 28, 1984</subfield></datafield><datafield ind1="0" ind2=" " tag="362"><subfield code="a">83rd year, no. 39 (May 15, 1975)-v. 105, no. 13 (Mar. 28, 1996).</subfield></datafield><datafield ind1=" " ind2=" " tag="500"><subfield code="a">"Norwalk" appears in different locations in masthead.</subfield></datafield><datafield ind1=" " ind2=" " tag="500"><subfield code="a">Occasionally has second masthead with its own numbering: Southeast news signal (Daily southeast news and Downing champion ed.), &lt;1984&gt;</subfield></datafield><datafield ind1=" " ind2=" " tag="500"><subfield code="a">Publication moved to South Gate, Calif., &lt;Dec. 27, 1990-Jan. 7, 1993&gt;</subfield></datafield><datafield ind1=" " ind2=" " tag="515"><subfield code="a">Vol. designation is irregular.</subfield></datafield><datafield ind1=" " ind2=" " tag="530"><subfield code="a">Master negatives are available for duplication from:</subfield><subfield code="b">California Newspaper Microfilm Archive;</subfield><subfield code="c">positive copies may be purchased by the reel; for further information consult the CNMA at:</subfield><subfield code="u">http://cbsr.ucr.edu</subfield></datafield><datafield ind1=" " ind2=" " tag="546"><subfield code="a">Issues include "La Ola" Spanish language news section, May 11, 1995-Mar. 28, 1996.</subfield></datafield><datafield ind1=" " ind2=" " tag="580"><subfield code="a">Published in several local editions.</subfield></datafield><datafield ind1=" " ind2="0" tag="650"><subfield code="a">Hispanic Americans</subfield><subfield code="z">California</subfield><subfield code="v">Newspapers.</subfield></datafield><datafield ind1=" " ind2="0" tag="651"><subfield code="a">Norwalk (Calif.)</subfield><subfield code="v">Newspapers.</subfield></datafield><datafield ind1=" " ind2="7" tag="655"><subfield code="a">Newspapers.</subfield><subfield code="2">fast</subfield><subfield code="0">(OCoLC)fst01423814</subfield></datafield><datafield ind1=" " ind2="7" tag="650"><subfield code="a">Hispanic Americans.</subfield><subfield code="2">fast</subfield><subfield code="0">(OCoLC)fst00957523</subfield></datafield><datafield ind1=" " ind2="7" tag="651"><subfield code="a">California.</subfield><subfield code="2">fast</subfield><subfield code="0">(OCoLC)fst01204928</subfield></datafield><datafield ind1=" " ind2="7" tag="651"><subfield code="a">California</subfield><subfield code="z">Norwalk.</subfield><subfield code="2">fast</subfield><subfield code="0">(OCoLC)fst01222720</subfield></datafield><datafield ind1=" " ind2=" " tag="752"><subfield code="a">United States</subfield><subfield code="b">California</subfield><subfield code="c">Los Angeles</subfield><subfield code="d">South Gate.</subfield></datafield><datafield ind1=" " ind2=" " tag="752"><subfield code="a">United States</subfield><subfield code="b">California</subfield><subfield code="c">Los Angeles</subfield><subfield code="d">Norwalk.</subfield></datafield><datafield ind1="0" ind2="0" tag="780"><subfield code="t">Norwalk call</subfield><subfield code="w">(DLC)sn 96062740</subfield></datafield><datafield ind1="0" ind2="0" tag="785"><subfield code="t">Herald American (Los Angeles County, Calif.)</subfield><subfield code="w">(DLC)sn2001060323</subfield></datafield></record>